<?xml version="1.0" encoding="UTF-8"?><record xmlns="http://www.loc.gov/MARC21/slim" xmlns:cinclude="http://apache.org/cocoon/include/1.0" xmlns:zs="http://www.loc.gov/zing/srw/">
  <leader>00409nz  a2200121n  4500</leader>
  <controlfield tag="001">nr2004034633</controlfield>
  <controlfield tag="003">DLC</controlfield>
  <controlfield tag="005">20041117033208.0</controlfield>
  <controlfield tag="008">041116n| acannaabn          |n aaa     c</controlfield>
  <datafield tag="010" ind1=" " ind2=" ">
    <subfield code="a">nr2004034633</subfield>
  </datafield>
  <datafield tag="040" ind1=" " ind2=" ">
    <subfield code="a">CSt</subfield>
    <subfield code="b">eng</subfield>
    <subfield code="c">CSt</subfield>
  </datafield>
  <datafield tag="100" ind1="1" ind2=" ">
    <subfield code="a">Voigt, Tobias</subfield>
  </datafield>
  <datafield tag="670" ind1=" " ind2=" ">
    <subfield code="a">Die Zusammenarbeit zwischen dem Ministerium fuĚr Staatssicherheit der DDR (MfS) und dem Ministerium des Innern Kubas (MININT), 2002:</subfield>
    <subfield code="b">t.p. (Tobias Voigt)</subfield>
  </datafield>
</record>